<collection xmlns="http://www.loc.gov/MARC21/slim">
<record>
  <leader>02153nam0a2200337 i 450 </leader>
  <controlfield tag="001">IT\ICCU\CNCE\008429</controlfield>
  <controlfield tag="005">20071019000000.0</controlfield>
  <datafield tag="012" ind1=" " ind2=" ">
    <subfield code="a">,&amp;o, isa. o,sa sequ (3) 1543 (R)</subfield>
    <subfield code="2">fei</subfield>
  </datafield>
  <datafield tag="100" ind1=" " ind2=" ">
    <subfield code="a">19970101d1543        0itac0103    ba</subfield>
  </datafield>
  <datafield tag="101" ind1=" " ind2=" ">
    <subfield code="a">LAT</subfield>
  </datafield>
  <datafield tag="102" ind1=" " ind2=" ">
    <subfield code="a">IT</subfield>
  </datafield>
  <datafield tag="200" ind1="1" ind2=" ">
    <subfield code="a"></subfield>
  </datafield>
  <datafield tag="210" ind1=" " ind2=" ">
    <subfield code="a">Venetiis</subfield>
    <subfield code="c">ex Sirenis officina</subfield>
    <subfield code="d">1543</subfield>
    <subfield code="e">\Venezia!</subfield>
    <subfield code="g">apud haeredes Petri Rauani et socios</subfield>
  </datafield>
  <datafield tag="215" ind1=" " ind2=" ">
    <subfield code="a">532 c.</subfield>
    <subfield code="d">fol</subfield>
  </datafield>
  <datafield tag="620" ind1=" " ind2=" ">
    <subfield code="a">IT</subfield>
    <subfield code="d">Venezia</subfield>
  </datafield>
  <datafield tag="700" ind1=" " ind2="1">
    <subfield code="a">Calepino,</subfield>
    <subfield code="b">Ambrogio</subfield>
    <subfield code="3">IT\ICCU\CNCA\002388</subfield>
  </datafield>
  <datafield tag="712" ind1="0" ind2="0">
    <subfield code="a">Ravani, Pietro - eredi &amp; C.</subfield>
    <subfield code="3">IT\ICCU\CNCT\002927</subfield>
    <subfield code="4">650</subfield>
  </datafield>
  <datafield tag="790" ind1=" " ind2="1">
    <subfield code="a">Calepio,</subfield>
    <subfield code="b">Ambrogio</subfield>
    <subfield code="3">IT\ICCU\CNCA\007747</subfield>
    <subfield code="z">Calepino, Ambrogio</subfield>
  </datafield>
  <datafield tag="801" ind1=" " ind2="3">
    <subfield code="a">IT</subfield>
    <subfield code="b">ICCU</subfield>
    <subfield code="c">20201113</subfield>
  </datafield>
  <datafield tag="899" ind1=" " ind2=" ">
    <subfield code="a">Biblioteca comunale Rilliana. Poppi</subfield>
    <subfield code="1">AR0050</subfield>
    <subfield code="2">RT1 QR</subfield>
  </datafield>
  <datafield tag="899" ind1=" " ind2=" ">
    <subfield code="a">Biblioteca del Liceo classico P. Giannone. Benevento</subfield>
    <subfield code="1">BN0083</subfield>
    <subfield code="2">NAP 32</subfield>
  </datafield>
  <datafield tag="899" ind1=" " ind2=" ">
    <subfield code="a">Biblioteca comunale. Ortona a mare</subfield>
    <subfield code="1">CH0068</subfield>
    <subfield code="2">UDA BO</subfield>
  </datafield>
  <datafield tag="899" ind1=" " ind2=" ">
    <subfield code="a">Biblioteca del Seminario vescovile Santa Maria della Pace. Cremona</subfield>
    <subfield code="1">CR0061</subfield>
    <subfield code="2">PBE 48</subfield>
  </datafield>
  <datafield tag="899" ind1=" " ind2=" ">
    <subfield code="a">Biblioteca Apostolica Vaticana. Citt ̉del Vaticano</subfield>
    <subfield code="1">EX0001</subfield>
    <subfield code="2">ZCV 01</subfield>
  </datafield>
  <datafield tag="899" ind1=" " ind2=" ">
    <subfield code="a">Biblioteca del Seminario vescovile. Cesena</subfield>
    <subfield code="1">FC0108</subfield>
    <subfield code="2">PBE 54</subfield>
  </datafield>
  <datafield tag="899" ind1=" " ind2=" ">
    <subfield code="a">Biblioteca del Seminario arcivescovile. Camerino</subfield>
    <subfield code="1">MC0093</subfield>
    <subfield code="2">PBE 22</subfield>
  </datafield>
  <datafield tag="899" ind1=" " ind2=" ">
    <subfield code="a">Biblioteca diocesana Piervissani. Nocera Umbra</subfield>
    <subfield code="1">PG0060</subfield>
    <subfield code="2">UM1 23</subfield>
  </datafield>
  <datafield tag="899" ind1=" " ind2=" ">
    <subfield code="a">Biblioteca S. Francesco. Gubbio</subfield>
    <subfield code="1">PG0207</subfield>
    <subfield code="2">UM1 87</subfield>
  </datafield>
  <datafield tag="899" ind1=" " ind2=" ">
    <subfield code="a">Biblioteca del Seminario vescovile. Pavia</subfield>
    <subfield code="1">PV0074</subfield>
    <subfield code="2">PAV R1</subfield>
  </datafield>
  <datafield tag="911" ind1=" " ind2=" ">
    <subfield code="a">nel front.</subfield>
    <subfield code="9">IT\ICCU\CNCM\000106</subfield>
  </datafield>
  <datafield tag="921" ind1=" " ind2=" ">
    <subfield code="a">IT\ICCU\CNCM\000106</subfield>
    <subfield code="b">Sirena coronata, bicaudata, che tiene le due code alzate con le mani (la destra in alto, la sinistra in basso).</subfield>
    <subfield code="c">A142</subfield>
    <subfield code="c">Z1099</subfield>
    <subfield code="d">Dimensioni: 5,5 x 6</subfield>
    <subfield code="f">CODA</subfield>
    <subfield code="f">SIRENA</subfield>
    <subfield code="g">1538-1586</subfield>
  </datafield>
</record>
</collection>
